<?xml version="1.0" encoding="UTF-8"?>
<Document xsi:schemaLocation="urn:iso:std:iso:20022:tech:xsd:pacs.008.001.02 pacs.008.001.02.xsd" xmlns="urn:iso:std:iso:20022:tech:xsd:pacs.008.001.02" xmlns:xsi="http://www.w3.org/2001/XMLSchema-instance"><FIToFICstmrCdtTrf><GrpHdr><MsgId>14320073106F0500</MsgId><CreDtTm>2014-03-20T07:31:06</CreDtTm><NbOfTxs>1</NbOfTxs><TtlIntrBkSttlmAmt Ccy="EUR">164.86</TtlIntrBkSttlmAmt><IntrBkSttlmDt>2014-03-21</IntrBkSttlmDt><SttlmInf><SttlmMtd>CLRG</SttlmMtd><ClrSys><Prtry>ST2</Prtry></ClrSys></SttlmInf><InstgAgt><FinInstnId><BIC>BACXCZPP</BIC></FinInstnId></InstgAgt></GrpHdr><CdtTrfTxInf><PmtId><InstrId>4077103653</InstrId><EndToEndId>NOTPROVIDED</EndToEndId><TxId>14318083720E0601</TxId></PmtId><PmtTpInf><SvcLvl><Cd>SEPA</Cd></SvcLvl></PmtTpInf><IntrBkSttlmAmt Ccy="EUR">164.86</IntrBkSttlmAmt><ChrgBr>SLEV</ChrgBr><Dbtr><Nm>LAPP KABEL S.R.O.</Nm><PstlAdr><Ctry>CZ</Ctry><AdrLine>BARTOSOVA C.P. 31576502 OTROKOVICE</AdrLine></PstlAdr></Dbtr><DbtrAcct><Id><IBAN>CZ7227000000000053155081</IBAN></Id></DbtrAcct><DbtrAgt><FinInstnId><BIC>BACXCZPPXXX</BIC></FinInstnId></DbtrAgt><CdtrAgt><FinInstnId><BIC>RZOOAT2LXXX</BIC></FinInstnId></CdtrAgt><Cdtr><Nm>EDLER SYSTEMS KABELTECHNIK</Nm><PstlAdr><Ctry>AT</Ctry><AdrLine>HANDELSGMBHBAECKERWEG 4</AdrLine><AdrLine>4502 ST. MARIEN RAKOUSKO</AdrLine></PstlAdr></Cdtr><CdtrAcct><Id><IBAN>AT723400000006067680</IBAN></Id></CdtrAcct><RmtInf><Ustrd>2014400743                         .                                  .                                  .</Ustrd></RmtInf></CdtTrfTxInf></FIToFICstmrCdtTrf></Document>
