<?xml version="1.0" encoding="UTF-8"?>
<Document xsi:schemaLocation="urn:iso:std:iso:20022:tech:xsd:pacs.008.001.02 pacs.008.001.02.xsd" xmlns="urn:iso:std:iso:20022:tech:xsd:pacs.008.001.02" xmlns:xsi="http://www.w3.org/2001/XMLSchema-instance"><FIToFICstmrCdtTrf><GrpHdr><MsgId>14320083957F0100</MsgId><CreDtTm>2014-03-20T08:39:57</CreDtTm><NbOfTxs>1</NbOfTxs><TtlIntrBkSttlmAmt Ccy="EUR">30.00</TtlIntrBkSttlmAmt><IntrBkSttlmDt>2014-03-21</IntrBkSttlmDt><SttlmInf><SttlmMtd>CLRG</SttlmMtd><ClrSys><Prtry>ST2</Prtry></ClrSys></SttlmInf><InstgAgt><FinInstnId><BIC>BACXCZPP</BIC></FinInstnId></InstgAgt></GrpHdr><CdtTrfTxInf><PmtId><InstrId>4079100186</InstrId><EndToEndId>NOTPROVIDED</EndToEndId><TxId>14320083330E0800</TxId></PmtId><PmtTpInf><SvcLvl><Cd>SEPA</Cd></SvcLvl></PmtTpInf><IntrBkSttlmAmt Ccy="EUR">30.00</IntrBkSttlmAmt><ChrgBr>SLEV</ChrgBr><Dbtr><Nm>D SPED S.R.O.</Nm><PstlAdr><Ctry>CZ</Ctry><AdrLine>BOHUNICKA 210/2961900 BRNO-JIH</AdrLine></PstlAdr></Dbtr><DbtrAcct><Id><IBAN>CZ2327000000002102720761</IBAN></Id></DbtrAcct><DbtrAgt><FinInstnId><BIC>BACXCZPPXXX</BIC></FinInstnId></DbtrAgt><CdtrAgt><FinInstnId><BIC>BYLADEM1KUB</BIC></FinInstnId></CdtrAgt><Cdtr><Nm>WITTMANN JURGEN GG. EDWIN JACOB</Nm><PstlAdr><Ctry>DE</Ctry></PstlAdr></Cdtr><CdtrAcct><Id><IBAN>DE39771500000101274405</IBAN></Id></CdtrAcct><RmtInf><Ustrd>D SPED CZ EXEKUTION EDWIN JACOB</Ustrd></RmtInf></CdtTrfTxInf></FIToFICstmrCdtTrf></Document>
