<?xml version="1.0" encoding="UTF-8"?>
<Document xsi:schemaLocation="urn:iso:std:iso:20022:tech:xsd:pacs.008.001.02 pacs.008.001.02.xsd" xmlns="urn:iso:std:iso:20022:tech:xsd:pacs.008.001.02" xmlns:xsi="http://www.w3.org/2001/XMLSchema-instance"><FIToFICstmrCdtTrf><GrpHdr><MsgId>14320083955F0600</MsgId><CreDtTm>2014-03-20T08:39:55</CreDtTm><NbOfTxs>1</NbOfTxs><TtlIntrBkSttlmAmt Ccy="EUR">210.62</TtlIntrBkSttlmAmt><IntrBkSttlmDt>2014-03-21</IntrBkSttlmDt><SttlmInf><SttlmMtd>CLRG</SttlmMtd><ClrSys><Prtry>ST2</Prtry></ClrSys></SttlmInf><InstgAgt><FinInstnId><BIC>BACXCZPP</BIC></FinInstnId></InstgAgt></GrpHdr><CdtTrfTxInf><PmtId><InstrId>4079100151</InstrId><EndToEndId>NOTPROVIDED</EndToEndId><TxId>14320083329E0800</TxId></PmtId><PmtTpInf><SvcLvl><Cd>SEPA</Cd></SvcLvl></PmtTpInf><IntrBkSttlmAmt Ccy="EUR">210.62</IntrBkSttlmAmt><ChrgBr>SLEV</ChrgBr><Dbtr><Nm>PROPERTY SOLUTIONS S.R.O.</Nm><PstlAdr><Ctry>CZ</Ctry><AdrLine>NAMESTI REPUBLIKY 1078/111000 PRAHA 1</AdrLine></PstlAdr></Dbtr><DbtrAcct><Id><IBAN>CZ2027000000000513612010</IBAN></Id></DbtrAcct><DbtrAgt><FinInstnId><BIC>BACXCZPPXXX</BIC></FinInstnId></DbtrAgt><CdtrAgt><FinInstnId><BIC>BPBIBGSFXXX</BIC></FinInstnId></CdtrAgt><Cdtr><Nm>INTERHOTEL GRAND HOTEL SOFIA AD</Nm><PstlAdr><Ctry>BG</Ctry></PstlAdr></Cdtr><CdtrAcct><Id><IBAN>BG46BPBI99201449549003</IBAN></Id></CdtrAcct><RmtInf><Ustrd>INVOICE NO. 155357</Ustrd></RmtInf></CdtTrfTxInf></FIToFICstmrCdtTrf></Document>
