<?xml version="1.0" encoding="UTF-8"?>
<Document xsi:schemaLocation="urn:iso:std:iso:20022:tech:xsd:pacs.008.001.02 pacs.008.001.02.xsd" xmlns="urn:iso:std:iso:20022:tech:xsd:pacs.008.001.02" xmlns:xsi="http://www.w3.org/2001/XMLSchema-instance"><FIToFICstmrCdtTrf><GrpHdr><MsgId>14320083954F0500</MsgId><CreDtTm>2014-03-20T08:39:54</CreDtTm><NbOfTxs>1</NbOfTxs><TtlIntrBkSttlmAmt Ccy="EUR">10000.00</TtlIntrBkSttlmAmt><IntrBkSttlmDt>2014-03-21</IntrBkSttlmDt><SttlmInf><SttlmMtd>CLRG</SttlmMtd><ClrSys><Prtry>ST2</Prtry></ClrSys></SttlmInf><InstgAgt><FinInstnId><BIC>BACXCZPP</BIC></FinInstnId></InstgAgt></GrpHdr><CdtTrfTxInf><PmtId><InstrId>4079100253</InstrId><EndToEndId>NOTPROVIDED</EndToEndId><TxId>14320083333E0200</TxId></PmtId><PmtTpInf><SvcLvl><Cd>SEPA</Cd></SvcLvl></PmtTpInf><IntrBkSttlmAmt Ccy="EUR">10000.00</IntrBkSttlmAmt><ChrgBr>SLEV</ChrgBr><Dbtr><Nm>GILISOVA KATERINA</Nm><PstlAdr><Ctry>CZ</Ctry><AdrLine>HANZELKOVA16000 PRAHA 6</AdrLine></PstlAdr></Dbtr><DbtrAcct><Id><IBAN>CZ3827000000003675947001</IBAN></Id></DbtrAcct><DbtrAgt><FinInstnId><BIC>BACXCZPPXXX</BIC></FinInstnId></DbtrAgt><CdtrAgt><FinInstnId><BIC>GEBABEBBXXX</BIC></FinInstnId></CdtrAgt><Cdtr><Nm>CATHERINE GILIS</Nm><PstlAdr><Ctry>BE</Ctry></PstlAdr></Cdtr><CdtrAcct><Id><IBAN>BE39210050795619</IBAN></Id></CdtrAcct></CdtTrfTxInf></FIToFICstmrCdtTrf></Document>
