<?xml version="1.0" encoding="UTF-8"?>
<Document xsi:schemaLocation="urn:iso:std:iso:20022:tech:xsd:pacs.008.001.02 pacs.008.001.02.xsd" xmlns="urn:iso:std:iso:20022:tech:xsd:pacs.008.001.02" xmlns:xsi="http://www.w3.org/2001/XMLSchema-instance"><FIToFICstmrCdtTrf><GrpHdr><MsgId>14320073146F0500</MsgId><CreDtTm>2014-03-20T07:31:46</CreDtTm><NbOfTxs>1</NbOfTxs><TtlIntrBkSttlmAmt Ccy="EUR">593.81</TtlIntrBkSttlmAmt><IntrBkSttlmDt>2014-03-21</IntrBkSttlmDt><SttlmInf><SttlmMtd>CLRG</SttlmMtd><ClrSys><Prtry>ST2</Prtry></ClrSys></SttlmInf><InstgAgt><FinInstnId><BIC>BACXCZPP</BIC></FinInstnId></InstgAgt></GrpHdr><CdtTrfTxInf><PmtId><InstrId>4079100043</InstrId><EndToEndId>NOTPROVIDED</EndToEndId><TxId>14320073015E0800</TxId></PmtId><PmtTpInf><SvcLvl><Cd>SEPA</Cd></SvcLvl></PmtTpInf><IntrBkSttlmAmt Ccy="EUR">593.81</IntrBkSttlmAmt><ChrgBr>SLEV</ChrgBr><Dbtr><Nm>DASHOFER HANS JOSEF</Nm><PstlAdr><Ctry>CZ</Ctry><AdrLine>SIROKA 1511000 PRAHA 1</AdrLine></PstlAdr></Dbtr><DbtrAcct><Id><IBAN>CZ2527000000001076497003</IBAN></Id></DbtrAcct><DbtrAgt><FinInstnId><BIC>BACXCZPPXXX</BIC></FinInstnId></DbtrAgt><CdtrAgt><FinInstnId><BIC>DEUTDEDB</BIC></FinInstnId></CdtrAgt><Cdtr><Nm>VERLAG DASHOEFER GMBH</Nm><PstlAdr><Ctry>DE</Ctry></PstlAdr></Cdtr><CdtrAcct><Id><IBAN>DE80200700240363805300</IBAN></Id></CdtrAcct><RmtInf><Ustrd>UEBERWEISUNG - AUDI A4</Ustrd></RmtInf></CdtTrfTxInf></FIToFICstmrCdtTrf></Document>
