<?xml version="1.0" encoding="UTF-8"?>
<Document xsi:schemaLocation="urn:iso:std:iso:20022:tech:xsd:pacs.008.001.02 pacs.008.001.02.xsd" xmlns="urn:iso:std:iso:20022:tech:xsd:pacs.008.001.02" xmlns:xsi="http://www.w3.org/2001/XMLSchema-instance"><FIToFICstmrCdtTrf><GrpHdr><MsgId>14320073147F0600</MsgId><CreDtTm>2014-03-20T07:31:47</CreDtTm><NbOfTxs>1</NbOfTxs><TtlIntrBkSttlmAmt Ccy="EUR">436.20</TtlIntrBkSttlmAmt><IntrBkSttlmDt>2014-03-21</IntrBkSttlmDt><SttlmInf><SttlmMtd>CLRG</SttlmMtd><ClrSys><Prtry>ST2</Prtry></ClrSys></SttlmInf><InstgAgt><FinInstnId><BIC>BACXCZPP</BIC></FinInstnId></InstgAgt></GrpHdr><CdtTrfTxInf><PmtId><InstrId>4079100056</InstrId><EndToEndId>NOTPROVIDED</EndToEndId><TxId>14320073017E0201</TxId></PmtId><PmtTpInf><SvcLvl><Cd>SEPA</Cd></SvcLvl></PmtTpInf><IntrBkSttlmAmt Ccy="EUR">436.20</IntrBkSttlmAmt><ChrgBr>SLEV</ChrgBr><Dbtr><Nm>MORAVSKA VZDUCHOTECHNIKA, S.R.O.</Nm><PstlAdr><Ctry>CZ</Ctry><AdrLine>CS. ARMADY 108168401 SLAVKOV U BRNA</AdrLine></PstlAdr></Dbtr><DbtrAcct><Id><IBAN>CZ9227000000002104520712</IBAN></Id></DbtrAcct><DbtrAgt><FinInstnId><BIC>BACXCZPPXXX</BIC></FinInstnId></DbtrAgt><CdtrAgt><FinInstnId><BIC>RZBCCZPPXXX</BIC></FinInstnId></CdtrAgt><Cdtr><Nm>VB LEASING CZ, SPOL. S.R.O.</Nm><PstlAdr><Ctry>CZ</Ctry></PstlAdr></Cdtr><CdtrAcct><Id><IBAN>CZ4055000000001011003818</IBAN></Id></CdtrAcct><RmtInf><Ustrd>9120510037</Ustrd></RmtInf></CdtTrfTxInf></FIToFICstmrCdtTrf></Document>
