<?xml version="1.0" encoding="UTF-8"?>
<Document xsi:schemaLocation="urn:iso:std:iso:20022:tech:xsd:pacs.008.001.02 pacs.008.001.02.xsd" xmlns="urn:iso:std:iso:20022:tech:xsd:pacs.008.001.02" xmlns:xsi="http://www.w3.org/2001/XMLSchema-instance"><FIToFICstmrCdtTrf><GrpHdr><MsgId>14320073114F0100</MsgId><CreDtTm>2014-03-20T07:31:14</CreDtTm><NbOfTxs>1</NbOfTxs><TtlIntrBkSttlmAmt Ccy="EUR">15583.22</TtlIntrBkSttlmAmt><IntrBkSttlmDt>2014-03-21</IntrBkSttlmDt><SttlmInf><SttlmMtd>CLRG</SttlmMtd><ClrSys><Prtry>ST2</Prtry></ClrSys></SttlmInf><InstgAgt><FinInstnId><BIC>BACXCZPP</BIC></FinInstnId></InstgAgt></GrpHdr><CdtTrfTxInf><PmtId><InstrId>4077103634</InstrId><EndToEndId>NOTPROVIDED</EndToEndId><TxId>14318083719E0201</TxId></PmtId><PmtTpInf><SvcLvl><Cd>SEPA</Cd></SvcLvl></PmtTpInf><IntrBkSttlmAmt Ccy="EUR">15583.22</IntrBkSttlmAmt><ChrgBr>SLEV</ChrgBr><Dbtr><Nm>LAPP KABEL S.R.O.</Nm><PstlAdr><Ctry>CZ</Ctry><AdrLine>BARTOSOVA C.P. 31576502 OTROKOVICE</AdrLine></PstlAdr></Dbtr><DbtrAcct><Id><IBAN>CZ7227000000000053155081</IBAN></Id></DbtrAcct><DbtrAgt><FinInstnId><BIC>BACXCZPPXXX</BIC></FinInstnId></DbtrAgt><CdtrAgt><FinInstnId><BIC>WUPSDE33XXX</BIC></FinInstnId></CdtrAgt><Cdtr><Nm>MUCKENHAUPT + NUSSELT</Nm><PstlAdr><Ctry>DE</Ctry><AdrLine>GMBH + CO.KG - KABELWERKPAUL-GERHARDT STR.25</AdrLine><AdrLine>D-42389 WUPPERTAL NEMECKO</AdrLine></PstlAdr></Cdtr><CdtrAcct><Id><IBAN>DE89330500000000311985</IBAN></Id></CdtrAcct><RmtInf><Ustrd>69200                              .                                  .                                  .</Ustrd></RmtInf></CdtTrfTxInf></FIToFICstmrCdtTrf></Document>
