<?xml version="1.0" encoding="UTF-8"?>
<Document xsi:schemaLocation="urn:iso:std:iso:20022:tech:xsd:pacs.008.001.02 pacs.008.001.02.xsd" xmlns="urn:iso:std:iso:20022:tech:xsd:pacs.008.001.02" xmlns:xsi="http://www.w3.org/2001/XMLSchema-instance"><FIToFICstmrCdtTrf><GrpHdr><MsgId>14320083935F0200</MsgId><CreDtTm>2014-03-20T08:39:35</CreDtTm><NbOfTxs>1</NbOfTxs><TtlIntrBkSttlmAmt Ccy="EUR">1437.32</TtlIntrBkSttlmAmt><IntrBkSttlmDt>2014-03-21</IntrBkSttlmDt><SttlmInf><SttlmMtd>CLRG</SttlmMtd><ClrSys><Prtry>ST2</Prtry></ClrSys></SttlmInf><InstgAgt><FinInstnId><BIC>BACXCZPP</BIC></FinInstnId></InstgAgt></GrpHdr><CdtTrfTxInf><PmtId><InstrId>4079100088</InstrId><EndToEndId>NOTPROVIDED</EndToEndId><TxId>14320083326E0301</TxId></PmtId><PmtTpInf><SvcLvl><Cd>SEPA</Cd></SvcLvl></PmtTpInf><IntrBkSttlmAmt Ccy="EUR">1437.32</IntrBkSttlmAmt><ChrgBr>SLEV</ChrgBr><Dbtr><Nm>ALFONS KOSTER S.R.O.</Nm><PstlAdr><Ctry>CZ</Ctry><AdrLine>LONDYNSKA 730/5912000 PRAHA 2</AdrLine></PstlAdr></Dbtr><DbtrAcct><Id><IBAN>CZ7327000000003049567028</IBAN></Id></DbtrAcct><DbtrAgt><FinInstnId><BIC>BACXCZPPXXX</BIC></FinInstnId></DbtrAgt><CdtrAgt><FinInstnId><BIC>CEKOSKBXXXX</BIC></FinInstnId></CdtrAgt><Cdtr><Nm>METRANS /DANUBIA/, A.S.</Nm><PstlAdr><Ctry>SK</Ctry><AdrLine>POVODSKA CESTA 18SK 929 01  DUNAJSKA STREDA</AdrLine></PstlAdr></Cdtr><CdtrAcct><Id><IBAN>SK9375000000000002213173</IBAN></Id></CdtrAcct><RmtInf><Ustrd>INV.2114000250,55140349</Ustrd></RmtInf></CdtTrfTxInf></FIToFICstmrCdtTrf></Document>
