<?xml version="1.0" encoding="UTF-8"?>
<Document xsi:schemaLocation="urn:iso:std:iso:20022:tech:xsd:pacs.008.001.02 pacs.008.001.02.xsd" xmlns="urn:iso:std:iso:20022:tech:xsd:pacs.008.001.02" xmlns:xsi="http://www.w3.org/2001/XMLSchema-instance"><FIToFICstmrCdtTrf><GrpHdr><MsgId>14320073119F0400</MsgId><CreDtTm>2014-03-20T07:31:19</CreDtTm><NbOfTxs>1</NbOfTxs><TtlIntrBkSttlmAmt Ccy="EUR">43513.68</TtlIntrBkSttlmAmt><IntrBkSttlmDt>2014-03-21</IntrBkSttlmDt><SttlmInf><SttlmMtd>CLRG</SttlmMtd><ClrSys><Prtry>ST2</Prtry></ClrSys></SttlmInf><InstgAgt><FinInstnId><BIC>BACXCZPP</BIC></FinInstnId></InstgAgt></GrpHdr><CdtTrfTxInf><PmtId><InstrId>4078100537</InstrId><EndToEndId>NOTPROVIDED</EndToEndId><TxId>14319102558E0801</TxId></PmtId><PmtTpInf><SvcLvl><Cd>SEPA</Cd></SvcLvl></PmtTpInf><IntrBkSttlmAmt Ccy="EUR">43513.68</IntrBkSttlmAmt><ChrgBr>SLEV</ChrgBr><Dbtr><Nm>CALPRA S.R.O.</Nm><PstlAdr><Ctry>CZ</Ctry><AdrLine>SOKOLOVSKA 136 A18600 PRAHA 8</AdrLine></PstlAdr></Dbtr><DbtrAcct><Id><IBAN>CZ9627000000001029597001</IBAN></Id></DbtrAcct><DbtrAgt><FinInstnId><BIC>BACXCZPPXXX</BIC></FinInstnId></DbtrAgt><CdtrAgt><FinInstnId><BIC>UNCRITMMMCN</BIC></FinInstnId></CdtrAgt><Cdtr><Nm>CALZEDONIA SPA</Nm><PstlAdr><Ctry>IT</Ctry><AdrLine>VIA PORTICI UMBERTO I N.537018 MALCESINE (VR)</AdrLine><AdrLine>ITALIA</AdrLine></PstlAdr></Cdtr><CdtrAcct><Id><IBAN>IT78W0200809440000003410582</IBAN></Id></CdtrAcct></CdtTrfTxInf></FIToFICstmrCdtTrf></Document>
