<?xml version="1.0" encoding="UTF-8"?>
<Document xsi:schemaLocation="urn:iso:std:iso:20022:tech:xsd:pacs.008.001.02 pacs.008.001.02.xsd" xmlns="urn:iso:std:iso:20022:tech:xsd:pacs.008.001.02" xmlns:xsi="http://www.w3.org/2001/XMLSchema-instance"><FIToFICstmrCdtTrf><GrpHdr><MsgId>14320083957F0101</MsgId><CreDtTm>2014-03-20T08:39:57</CreDtTm><NbOfTxs>1</NbOfTxs><TtlIntrBkSttlmAmt Ccy="EUR">1176.96</TtlIntrBkSttlmAmt><IntrBkSttlmDt>2014-03-21</IntrBkSttlmDt><SttlmInf><SttlmMtd>CLRG</SttlmMtd><ClrSys><Prtry>ST2</Prtry></ClrSys></SttlmInf><InstgAgt><FinInstnId><BIC>BACXCZPP</BIC></FinInstnId></InstgAgt></GrpHdr><CdtTrfTxInf><PmtId><InstrId>4079100249</InstrId><EndToEndId>NOTPROVIDED</EndToEndId><TxId>14320083332E0703</TxId></PmtId><PmtTpInf><SvcLvl><Cd>SEPA</Cd></SvcLvl></PmtTpInf><IntrBkSttlmAmt Ccy="EUR">1176.96</IntrBkSttlmAmt><ChrgBr>SLEV</ChrgBr><Dbtr><Nm>KLUBER LUBRICATION CZ, S.R.O.</Nm><PstlAdr><Ctry>CZ</Ctry><AdrLine>BOHUNICKA 133/5061900 BRNO</AdrLine></PstlAdr></Dbtr><DbtrAcct><Id><IBAN>CZ2127000000002000102460</IBAN></Id></DbtrAcct><DbtrAgt><FinInstnId><BIC>BACXCZPPXXX</BIC></FinInstnId></DbtrAgt><CdtrAgt><FinInstnId><BIC>PKOPPLPWXXX</BIC></FinInstnId></CdtrAgt><Cdtr><Nm>KLUBER LUBRICATION POLSKA SPOLKA</Nm><PstlAdr><Ctry>PL</Ctry></PstlAdr></Cdtr><CdtrAcct><Id><IBAN>PL38124066091978000049338041</IBAN></Id></CdtrAcct><RmtInf><Ustrd>KLUBER CZ - INVOICE NO.26008516</Ustrd></RmtInf></CdtTrfTxInf></FIToFICstmrCdtTrf></Document>
