<?xml version="1.0" encoding="UTF-8"?>
<Document xsi:schemaLocation="urn:iso:std:iso:20022:tech:xsd:pacs.008.001.02 pacs.008.001.02.xsd" xmlns="urn:iso:std:iso:20022:tech:xsd:pacs.008.001.02" xmlns:xsi="http://www.w3.org/2001/XMLSchema-instance"><FIToFICstmrCdtTrf><GrpHdr><MsgId>14320083953F0200</MsgId><CreDtTm>2014-03-20T08:39:53</CreDtTm><NbOfTxs>1</NbOfTxs><TtlIntrBkSttlmAmt Ccy="EUR">120.00</TtlIntrBkSttlmAmt><IntrBkSttlmDt>2014-03-21</IntrBkSttlmDt><SttlmInf><SttlmMtd>CLRG</SttlmMtd><ClrSys><Prtry>ST2</Prtry></ClrSys></SttlmInf><InstgAgt><FinInstnId><BIC>BACXCZPP</BIC></FinInstnId></InstgAgt></GrpHdr><CdtTrfTxInf><PmtId><InstrId>4079100093</InstrId><EndToEndId>NOTPROVIDED</EndToEndId><TxId>14320083326E0803</TxId></PmtId><PmtTpInf><SvcLvl><Cd>SEPA</Cd></SvcLvl></PmtTpInf><IntrBkSttlmAmt Ccy="EUR">120.00</IntrBkSttlmAmt><ChrgBr>SLEV</ChrgBr><Dbtr><Nm>NOVAK VLADIMIR</Nm><PstlAdr><Ctry>CZ</Ctry><AdrLine>NOVY SVET 5258851 DOLNI CEREKEV</AdrLine></PstlAdr></Dbtr><DbtrAcct><Id><IBAN>CZ4127000000002108914081</IBAN></Id></DbtrAcct><DbtrAgt><FinInstnId><BIC>BACXCZPPXXX</BIC></FinInstnId></DbtrAgt><CdtrAgt><FinInstnId><BIC>WELADE3WXXX</BIC></FinInstnId></CdtrAgt><Cdtr><Nm>DANIELA NOVAK</Nm><PstlAdr><Ctry>DE</Ctry></PstlAdr></Cdtr><CdtrAcct><Id><IBAN>DE82401545300017651415</IBAN></Id></CdtrAcct></CdtTrfTxInf></FIToFICstmrCdtTrf></Document>
