<?xml version="1.0" encoding="UTF-8"?>
<Document xsi:schemaLocation="urn:iso:std:iso:20022:tech:xsd:pacs.008.001.02 pacs.008.001.02.xsd" xmlns="urn:iso:std:iso:20022:tech:xsd:pacs.008.001.02" xmlns:xsi="http://www.w3.org/2001/XMLSchema-instance"><FIToFICstmrCdtTrf><GrpHdr><MsgId>14320083953F0500</MsgId><CreDtTm>2014-03-20T08:39:53</CreDtTm><NbOfTxs>1</NbOfTxs><TtlIntrBkSttlmAmt Ccy="EUR">3500.00</TtlIntrBkSttlmAmt><IntrBkSttlmDt>2014-03-21</IntrBkSttlmDt><SttlmInf><SttlmMtd>CLRG</SttlmMtd><ClrSys><Prtry>ST2</Prtry></ClrSys></SttlmInf><InstgAgt><FinInstnId><BIC>BACXCZPP</BIC></FinInstnId></InstgAgt></GrpHdr><CdtTrfTxInf><PmtId><InstrId>4079100102</InstrId><EndToEndId>NOTPROVIDED</EndToEndId><TxId>14320083327E0100</TxId></PmtId><PmtTpInf><SvcLvl><Cd>SEPA</Cd></SvcLvl></PmtTpInf><IntrBkSttlmAmt Ccy="EUR">3500.00</IntrBkSttlmAmt><ChrgBr>SLEV</ChrgBr><Dbtr><Nm>VAN STRIEN CLEMENS HUBERTUS W.J</Nm><PstlAdr><Ctry>CZ</Ctry><AdrLine>RANTIROV 12558841 VYSKYTNA NAD JIHLAVO</AdrLine></PstlAdr></Dbtr><DbtrAcct><Id><IBAN>CZ9127000000006603578028</IBAN></Id></DbtrAcct><DbtrAgt><FinInstnId><BIC>BACXCZPPXXX</BIC></FinInstnId></DbtrAgt><CdtrAgt><FinInstnId><BIC>ABNANL2AXXX</BIC></FinInstnId></CdtrAgt><Cdtr><Nm>CLEMENS VAN STRIEN</Nm><PstlAdr><Ctry>NL</Ctry></PstlAdr></Cdtr><CdtrAcct><Id><IBAN>NL49ABNA0478074557</IBAN></Id></CdtrAcct><RmtInf><Ustrd>TRANSFER MAART 2014</Ustrd></RmtInf></CdtTrfTxInf></FIToFICstmrCdtTrf></Document>
