<?xml version="1.0" encoding="UTF-8"?>
<Document xsi:schemaLocation="urn:iso:std:iso:20022:tech:xsd:pacs.008.001.02 pacs.008.001.02.xsd" xmlns="urn:iso:std:iso:20022:tech:xsd:pacs.008.001.02" xmlns:xsi="http://www.w3.org/2001/XMLSchema-instance"><FIToFICstmrCdtTrf><GrpHdr><MsgId>14320073105F0200</MsgId><CreDtTm>2014-03-20T07:31:05</CreDtTm><NbOfTxs>1</NbOfTxs><TtlIntrBkSttlmAmt Ccy="EUR">2105.46</TtlIntrBkSttlmAmt><IntrBkSttlmDt>2014-03-21</IntrBkSttlmDt><SttlmInf><SttlmMtd>CLRG</SttlmMtd><ClrSys><Prtry>ST2</Prtry></ClrSys></SttlmInf><InstgAgt><FinInstnId><BIC>BACXCZPP</BIC></FinInstnId></InstgAgt></GrpHdr><CdtTrfTxInf><PmtId><InstrId>4077103642</InstrId><EndToEndId>NOTPROVIDED</EndToEndId><TxId>14318083719E0802</TxId></PmtId><PmtTpInf><SvcLvl><Cd>SEPA</Cd></SvcLvl></PmtTpInf><IntrBkSttlmAmt Ccy="EUR">2105.46</IntrBkSttlmAmt><ChrgBr>SLEV</ChrgBr><Dbtr><Nm>LAPP KABEL S.R.O.</Nm><PstlAdr><Ctry>CZ</Ctry><AdrLine>BARTOSOVA C.P. 31576502 OTROKOVICE</AdrLine></PstlAdr></Dbtr><DbtrAcct><Id><IBAN>CZ7227000000000053155081</IBAN></Id></DbtrAcct><DbtrAgt><FinInstnId><BIC>BACXCZPPXXX</BIC></FinInstnId></DbtrAgt><CdtrAgt><FinInstnId><BIC>KOMBCZPPXXX</BIC></FinInstnId></CdtrAgt><Cdtr><Nm>CEZ PRODEJ, S.R.O.</Nm><PstlAdr><Ctry>CZ</Ctry><AdrLine>XDUHOVA 1/425</AdrLine><AdrLine>14053 PRAHA 4 - MICHLE</AdrLine></PstlAdr></Cdtr><CdtrAcct><Id><IBAN>CZ4901000000000003330267</IBAN></Id></CdtrAcct><RmtInf><Ustrd>4670344224                         .                                  .                                  .</Ustrd></RmtInf></CdtTrfTxInf></FIToFICstmrCdtTrf></Document>
