<?xml version="1.0" encoding="UTF-8"?>
<Document xsi:schemaLocation="urn:iso:std:iso:20022:tech:xsd:pacs.008.001.02 pacs.008.001.02.xsd" xmlns="urn:iso:std:iso:20022:tech:xsd:pacs.008.001.02" xmlns:xsi="http://www.w3.org/2001/XMLSchema-instance"><FIToFICstmrCdtTrf><GrpHdr><MsgId>14320083952F0400</MsgId><CreDtTm>2014-03-20T08:39:52</CreDtTm><NbOfTxs>1</NbOfTxs><TtlIntrBkSttlmAmt Ccy="EUR">631.76</TtlIntrBkSttlmAmt><IntrBkSttlmDt>2014-03-21</IntrBkSttlmDt><SttlmInf><SttlmMtd>CLRG</SttlmMtd><ClrSys><Prtry>ST2</Prtry></ClrSys></SttlmInf><InstgAgt><FinInstnId><BIC>BACXCZPP</BIC></FinInstnId></InstgAgt></GrpHdr><CdtTrfTxInf><PmtId><InstrId>4079100111</InstrId><EndToEndId>NOTPROVIDED</EndToEndId><TxId>14320083327E0701</TxId></PmtId><PmtTpInf><SvcLvl><Cd>SEPA</Cd></SvcLvl></PmtTpInf><IntrBkSttlmAmt Ccy="EUR">631.76</IntrBkSttlmAmt><ChrgBr>SLEV</ChrgBr><Dbtr><Nm>HOTEL ULRIKA, S.R.O.</Nm><PstlAdr><Ctry>CZ</Ctry><AdrLine>SADOVA 16/87536001 KARLOVY VARY</AdrLine></PstlAdr></Dbtr><DbtrAcct><Id><IBAN>CZ4427000000005022180017</IBAN></Id></DbtrAcct><DbtrAgt><FinInstnId><BIC>BACXCZPPXXX</BIC></FinInstnId></DbtrAgt><CdtrAgt><FinInstnId><BIC>DEUTCZPXXXX</BIC></FinInstnId></CdtrAgt><Cdtr><Nm>BOOKING.COM BV</Nm><PstlAdr><Ctry>CZ</Ctry><AdrLine>P.O.BOX 16391000 BP AMSTERDAM</AdrLine><AdrLine>THE NETHERLANDS</AdrLine></PstlAdr></Cdtr><CdtrAcct><Id><IBAN>CZ7679100000004030400118</IBAN></Id></CdtrAcct></CdtTrfTxInf></FIToFICstmrCdtTrf></Document>
