<?xml version="1.0" encoding="UTF-8"?>
<Document xsi:schemaLocation="urn:iso:std:iso:20022:tech:xsd:pacs.008.001.02 pacs.008.001.02.xsd" xmlns="urn:iso:std:iso:20022:tech:xsd:pacs.008.001.02" xmlns:xsi="http://www.w3.org/2001/XMLSchema-instance"><FIToFICstmrCdtTrf><GrpHdr><MsgId>14320073109F0200</MsgId><CreDtTm>2014-03-20T07:31:09</CreDtTm><NbOfTxs>1</NbOfTxs><TtlIntrBkSttlmAmt Ccy="EUR">1943.87</TtlIntrBkSttlmAmt><IntrBkSttlmDt>2014-03-21</IntrBkSttlmDt><SttlmInf><SttlmMtd>CLRG</SttlmMtd><ClrSys><Prtry>ST2</Prtry></ClrSys></SttlmInf><InstgAgt><FinInstnId><BIC>BACXCZPP</BIC></FinInstnId></InstgAgt></GrpHdr><CdtTrfTxInf><PmtId><InstrId>4077104265</InstrId><EndToEndId>NOTPROVIDED</EndToEndId><TxId>14318083759E0101</TxId></PmtId><PmtTpInf><SvcLvl><Cd>SEPA</Cd></SvcLvl></PmtTpInf><IntrBkSttlmAmt Ccy="EUR">1943.87</IntrBkSttlmAmt><ChrgBr>SLEV</ChrgBr><Dbtr><Nm>BENTELER MASCHINENBAU CZ S.R.O.</Nm><PstlAdr><Ctry>CZ</Ctry><AdrLine>HODKOVICKA 981/4246006 LIBEREC</AdrLine></PstlAdr></Dbtr><DbtrAcct><Id><IBAN>CZ2827000000005843088007</IBAN></Id></DbtrAcct><DbtrAgt><FinInstnId><BIC>BACXCZPPXXX</BIC></FinInstnId></DbtrAgt><CdtrAgt><FinInstnId><BIC>KOMBCZPPXXX</BIC></FinInstnId></CdtrAgt><Cdtr><Nm>FRONIUS CESKA REPUBLIKA S.R.O.</Nm><PstlAdr><Ctry>CZ</Ctry><AdrLine>V OLSINACH 1022/42PRAHA 10</AdrLine></PstlAdr></Cdtr><CdtrAcct><Id><IBAN>CZ4301000000004247590207</IBAN></Id></CdtrAcct><RmtInf><Ustrd>RE 14000606</Ustrd></RmtInf></CdtTrfTxInf></FIToFICstmrCdtTrf></Document>
