<?xml version="1.0" encoding="UTF-8"?>
<Document xsi:schemaLocation="urn:iso:std:iso:20022:tech:xsd:pacs.008.001.02 pacs.008.001.02.xsd" xmlns="urn:iso:std:iso:20022:tech:xsd:pacs.008.001.02" xmlns:xsi="http://www.w3.org/2001/XMLSchema-instance"><FIToFICstmrCdtTrf><GrpHdr><MsgId>14320073106F0501</MsgId><CreDtTm>2014-03-20T07:31:06</CreDtTm><NbOfTxs>1</NbOfTxs><TtlIntrBkSttlmAmt Ccy="EUR">593.44</TtlIntrBkSttlmAmt><IntrBkSttlmDt>2014-03-21</IntrBkSttlmDt><SttlmInf><SttlmMtd>CLRG</SttlmMtd><ClrSys><Prtry>ST2</Prtry></ClrSys></SttlmInf><InstgAgt><FinInstnId><BIC>BACXCZPP</BIC></FinInstnId></InstgAgt></GrpHdr><CdtTrfTxInf><PmtId><InstrId>4077104270</InstrId><EndToEndId>NOTPROVIDED</EndToEndId><TxId>14318083759E0601</TxId></PmtId><PmtTpInf><SvcLvl><Cd>SEPA</Cd></SvcLvl></PmtTpInf><IntrBkSttlmAmt Ccy="EUR">593.44</IntrBkSttlmAmt><ChrgBr>SLEV</ChrgBr><Dbtr><Nm>BENTELER MASCHINENBAU CZ S.R.O.</Nm><PstlAdr><Ctry>CZ</Ctry><AdrLine>HODKOVICKA 981/4246006 LIBEREC</AdrLine></PstlAdr></Dbtr><DbtrAcct><Id><IBAN>CZ2827000000005843088007</IBAN></Id></DbtrAcct><DbtrAgt><FinInstnId><BIC>BACXCZPPXXX</BIC></FinInstnId></DbtrAgt><CdtrAgt><FinInstnId><BIC>BKAUATWWXXX</BIC></FinInstnId></CdtrAgt><Cdtr><Nm>HABASIT GMBH</Nm><PstlAdr><Ctry>AT</Ctry><AdrLine>HETMANEKGASSE 131230 WIEN</AdrLine></PstlAdr></Cdtr><CdtrAcct><Id><IBAN>AT251100000606995900</IBAN></Id></CdtrAcct><RmtInf><Ustrd>RE 1402602</Ustrd></RmtInf></CdtTrfTxInf></FIToFICstmrCdtTrf></Document>
