<?xml version="1.0" encoding="UTF-8"?>
<Document xsi:schemaLocation="urn:iso:std:iso:20022:tech:xsd:pacs.008.001.02 pacs.008.001.02.xsd" xmlns="urn:iso:std:iso:20022:tech:xsd:pacs.008.001.02" xmlns:xsi="http://www.w3.org/2001/XMLSchema-instance"><FIToFICstmrCdtTrf><GrpHdr><MsgId>14320083956F0200</MsgId><CreDtTm>2014-03-20T08:39:56</CreDtTm><NbOfTxs>1</NbOfTxs><TtlIntrBkSttlmAmt Ccy="EUR">640.00</TtlIntrBkSttlmAmt><IntrBkSttlmDt>2014-03-21</IntrBkSttlmDt><SttlmInf><SttlmMtd>CLRG</SttlmMtd><ClrSys><Prtry>ST2</Prtry></ClrSys></SttlmInf><InstgAgt><FinInstnId><BIC>BACXCZPP</BIC></FinInstnId></InstgAgt></GrpHdr><CdtTrfTxInf><PmtId><InstrId>4079100163</InstrId><EndToEndId>NOTPROVIDED</EndToEndId><TxId>14320083329E0402</TxId></PmtId><PmtTpInf><SvcLvl><Cd>SEPA</Cd></SvcLvl></PmtTpInf><IntrBkSttlmAmt Ccy="EUR">640.00</IntrBkSttlmAmt><ChrgBr>SLEV</ChrgBr><Dbtr><Nm>RUDOLF ROMAN</Nm><PstlAdr><Ctry>CZ</Ctry><AdrLine>T.G.MASARYKA 941/4736001 KARLOVY VARY</AdrLine></PstlAdr></Dbtr><DbtrAcct><Id><IBAN>CZ2527000000007900308002</IBAN></Id></DbtrAcct><DbtrAgt><FinInstnId><BIC>BACXCZPPXXX</BIC></FinInstnId></DbtrAgt><CdtrAgt><FinInstnId><BIC>WELADED1GTL</BIC></FinInstnId></CdtrAgt><Cdtr><Nm>ANJA ASCHENBRENNER</Nm><PstlAdr><Ctry>DE</Ctry></PstlAdr></Cdtr><CdtrAcct><Id><IBAN>DE23478500650008010366</IBAN></Id></CdtrAcct><RmtInf><Ustrd>2014016809</Ustrd></RmtInf></CdtTrfTxInf></FIToFICstmrCdtTrf></Document>
