<?xml version="1.0" encoding="UTF-8"?>
<Document xsi:schemaLocation="urn:iso:std:iso:20022:tech:xsd:pacs.008.001.02 pacs.008.001.02.xsd" xmlns="urn:iso:std:iso:20022:tech:xsd:pacs.008.001.02" xmlns:xsi="http://www.w3.org/2001/XMLSchema-instance"><FIToFICstmrCdtTrf><GrpHdr><MsgId>14320083957F0400</MsgId><CreDtTm>2014-03-20T08:39:57</CreDtTm><NbOfTxs>1</NbOfTxs><TtlIntrBkSttlmAmt Ccy="EUR">482.13</TtlIntrBkSttlmAmt><IntrBkSttlmDt>2014-03-21</IntrBkSttlmDt><SttlmInf><SttlmMtd>CLRG</SttlmMtd><ClrSys><Prtry>ST2</Prtry></ClrSys></SttlmInf><InstgAgt><FinInstnId><BIC>BACXCZPP</BIC></FinInstnId></InstgAgt></GrpHdr><CdtTrfTxInf><PmtId><InstrId>4079100147</InstrId><EndToEndId>NOTPROVIDED</EndToEndId><TxId>14320083328E0503</TxId></PmtId><PmtTpInf><SvcLvl><Cd>SEPA</Cd></SvcLvl></PmtTpInf><IntrBkSttlmAmt Ccy="EUR">482.13</IntrBkSttlmAmt><ChrgBr>SLEV</ChrgBr><Dbtr><Nm>GRECO DARIO</Nm><PstlAdr><Ctry>IT</Ctry><AdrLine>VIA UMBERTO I 1773020 NOCIGLIA</AdrLine></PstlAdr></Dbtr><DbtrAcct><Id><IBAN>CZ4327000000002102317948</IBAN></Id></DbtrAcct><DbtrAgt><FinInstnId><BIC>BACXCZPPXXX</BIC></FinInstnId></DbtrAgt><CdtrAgt><FinInstnId><BIC>NWBKGB2LXXX</BIC></FinInstnId></CdtrAgt><Cdtr><Nm>WILLIAM RUSSELL LIMITED IBA</Nm><PstlAdr><Ctry>GB</Ctry></PstlAdr></Cdtr><CdtrAcct><Id><IBAN>GB26NWBK60720611500085</IBAN></Id></CdtrAcct><RmtInf><Ustrd>DARIO GRECO - L1432137</Ustrd></RmtInf></CdtTrfTxInf></FIToFICstmrCdtTrf></Document>
