<?xml version="1.0" encoding="UTF-8"?>
<Document xsi:schemaLocation="urn:iso:std:iso:20022:tech:xsd:pacs.008.001.02 pacs.008.001.02.xsd" xmlns="urn:iso:std:iso:20022:tech:xsd:pacs.008.001.02" xmlns:xsi="http://www.w3.org/2001/XMLSchema-instance"><FIToFICstmrCdtTrf><GrpHdr><MsgId>14320073144F0300</MsgId><CreDtTm>2014-03-20T07:31:44</CreDtTm><NbOfTxs>1</NbOfTxs><TtlIntrBkSttlmAmt Ccy="EUR">39674.19</TtlIntrBkSttlmAmt><IntrBkSttlmDt>2014-03-21</IntrBkSttlmDt><SttlmInf><SttlmMtd>CLRG</SttlmMtd><ClrSys><Prtry>ST2</Prtry></ClrSys></SttlmInf><InstgAgt><FinInstnId><BIC>BACXCZPP</BIC></FinInstnId></InstgAgt></GrpHdr><CdtTrfTxInf><PmtId><InstrId>4079100031</InstrId><EndToEndId>NOTPROVIDED</EndToEndId><TxId>14320073014E0200</TxId></PmtId><PmtTpInf><SvcLvl><Cd>SEPA</Cd></SvcLvl></PmtTpInf><IntrBkSttlmAmt Ccy="EUR">39674.19</IntrBkSttlmAmt><ChrgBr>SLEV</ChrgBr><Dbtr><Nm>GLASFABRIK LAMBERTS GMBH + CO. KG</Nm><PstlAdr><Ctry>DE</Ctry><AdrLine>EGERSTRASSE 19795632 WUNSIEDEL</AdrLine></PstlAdr></Dbtr><DbtrAcct><Id><IBAN>CZ0227000000005860082002</IBAN></Id></DbtrAcct><DbtrAgt><FinInstnId><BIC>BACXCZPPXXX</BIC></FinInstnId></DbtrAgt><CdtrAgt><FinInstnId><BIC>COBADEFF</BIC></FinInstnId></CdtrAgt><Cdtr><Nm>GLASFABRIK LAMBERTS GMBH + CO.KG</Nm><PstlAdr><Ctry>DE</Ctry><AdrLine>95632 WUNSIEDELEGERSTRASSE 197</AdrLine><AdrLine>DEUTSCHLAND</AdrLine></PstlAdr></Cdtr><CdtrAcct><Id><IBAN>DE87781400000810008300</IBAN></Id></CdtrAcct><RmtInf><Ustrd>ABSCHOPFUNG DES SAMMELKONTOS</Ustrd></RmtInf></CdtTrfTxInf></FIToFICstmrCdtTrf></Document>
