<?xml version="1.0" encoding="UTF-8"?>
<Document xsi:schemaLocation="urn:iso:std:iso:20022:tech:xsd:pacs.008.001.02 pacs.008.001.02.xsd" xmlns="urn:iso:std:iso:20022:tech:xsd:pacs.008.001.02" xmlns:xsi="http://www.w3.org/2001/XMLSchema-instance"><FIToFICstmrCdtTrf><GrpHdr><MsgId>14320073111F0200</MsgId><CreDtTm>2014-03-20T07:31:11</CreDtTm><NbOfTxs>1</NbOfTxs><TtlIntrBkSttlmAmt Ccy="EUR">2050.72</TtlIntrBkSttlmAmt><IntrBkSttlmDt>2014-03-21</IntrBkSttlmDt><SttlmInf><SttlmMtd>CLRG</SttlmMtd><ClrSys><Prtry>ST2</Prtry></ClrSys></SttlmInf><InstgAgt><FinInstnId><BIC>BACXCZPP</BIC></FinInstnId></InstgAgt></GrpHdr><CdtTrfTxInf><PmtId><InstrId>4077103643</InstrId><EndToEndId>NOTPROVIDED</EndToEndId><TxId>14318083719E0101</TxId></PmtId><PmtTpInf><SvcLvl><Cd>SEPA</Cd></SvcLvl></PmtTpInf><IntrBkSttlmAmt Ccy="EUR">2050.72</IntrBkSttlmAmt><ChrgBr>SLEV</ChrgBr><Dbtr><Nm>LAPP KABEL S.R.O.</Nm><PstlAdr><Ctry>CZ</Ctry><AdrLine>BARTOSOVA C.P. 31576502 OTROKOVICE</AdrLine></PstlAdr></Dbtr><DbtrAcct><Id><IBAN>CZ7227000000000053155081</IBAN></Id></DbtrAcct><DbtrAgt><FinInstnId><BIC>BACXCZPPXXX</BIC></FinInstnId></DbtrAgt><CdtrAgt><FinInstnId><BIC>DEUTDEMMXXX</BIC></FinInstnId></CdtrAgt><Cdtr><Nm>ATEGE ALLGEMEINE TRANSP.</Nm><PstlAdr><Ctry>DE</Ctry><AdrLine>XPOSTFACH 1109</AdrLine><AdrLine>D-71611 LUDWIGSBURG NEMECKO</AdrLine></PstlAdr></Cdtr><CdtrAcct><Id><IBAN>DE81700700100926068800</IBAN></Id></CdtrAcct><RmtInf><Ustrd>71804274 71804275 71804276         .                                  .                                  .</Ustrd></RmtInf></CdtTrfTxInf></FIToFICstmrCdtTrf></Document>
