<?xml version="1.0" encoding="UTF-8"?>
<Document xsi:schemaLocation="urn:iso:std:iso:20022:tech:xsd:pacs.008.001.02 pacs.008.001.02.xsd" xmlns="urn:iso:std:iso:20022:tech:xsd:pacs.008.001.02" xmlns:xsi="http://www.w3.org/2001/XMLSchema-instance"><FIToFICstmrCdtTrf><GrpHdr><MsgId>14320083949F0500</MsgId><CreDtTm>2014-03-20T08:39:49</CreDtTm><NbOfTxs>1</NbOfTxs><TtlIntrBkSttlmAmt Ccy="EUR">300.00</TtlIntrBkSttlmAmt><IntrBkSttlmDt>2014-03-21</IntrBkSttlmDt><SttlmInf><SttlmMtd>CLRG</SttlmMtd><ClrSys><Prtry>ST2</Prtry></ClrSys></SttlmInf><InstgAgt><FinInstnId><BIC>BACXCZPP</BIC></FinInstnId></InstgAgt></GrpHdr><CdtTrfTxInf><PmtId><InstrId>4079100138</InstrId><EndToEndId>NOTPROVIDED</EndToEndId><TxId>14320083328E0502</TxId></PmtId><PmtTpInf><SvcLvl><Cd>SEPA</Cd></SvcLvl></PmtTpInf><IntrBkSttlmAmt Ccy="EUR">300.00</IntrBkSttlmAmt><ChrgBr>SLEV</ChrgBr><Dbtr><Nm>PISOVA VACLAVA</Nm><PstlAdr><Ctry>CZ</Ctry><AdrLine>KVETNOVA 511/3018200 PRAHA</AdrLine></PstlAdr></Dbtr><DbtrAcct><Id><IBAN>CZ7427000000002107273411</IBAN></Id></DbtrAcct><DbtrAgt><FinInstnId><BIC>BACXCZPPXXX</BIC></FinInstnId></DbtrAgt><CdtrAgt><FinInstnId><BIC>TATRSKBXXXX</BIC></FinInstnId></CdtrAgt><Cdtr><Nm>JUDR. BOHUS PALOVIC</Nm><PstlAdr><Ctry>SK</Ctry><AdrLine>DEMANOVSKA DOLINA 135LIPTOVSKY MIKULAS</AdrLine><AdrLine>SLOVAKIA</AdrLine></PstlAdr></Cdtr><CdtrAcct><Id><IBAN>SK7911000000002927884621</IBAN></Id></CdtrAcct><RmtInf><Ustrd>V.S. 225 - ANDELOVA</Ustrd></RmtInf></CdtTrfTxInf></FIToFICstmrCdtTrf></Document>
