<?xml version="1.0" encoding="UTF-8"?>
<Document xsi:schemaLocation="urn:iso:std:iso:20022:tech:xsd:pacs.008.001.02 pacs.008.001.02.xsd" xmlns="urn:iso:std:iso:20022:tech:xsd:pacs.008.001.02" xmlns:xsi="http://www.w3.org/2001/XMLSchema-instance"><FIToFICstmrCdtTrf><GrpHdr><MsgId>14320073104F0100</MsgId><CreDtTm>2014-03-20T07:31:04</CreDtTm><NbOfTxs>1</NbOfTxs><TtlIntrBkSttlmAmt Ccy="EUR">59.24</TtlIntrBkSttlmAmt><IntrBkSttlmDt>2014-03-21</IntrBkSttlmDt><SttlmInf><SttlmMtd>CLRG</SttlmMtd><ClrSys><Prtry>ST2</Prtry></ClrSys></SttlmInf><InstgAgt><FinInstnId><BIC>BACXCZPP</BIC></FinInstnId></InstgAgt></GrpHdr><CdtTrfTxInf><PmtId><InstrId>4077103696</InstrId><EndToEndId>NOTPROVIDED</EndToEndId><TxId>14318083722E0802</TxId></PmtId><PmtTpInf><SvcLvl><Cd>SEPA</Cd></SvcLvl></PmtTpInf><IntrBkSttlmAmt Ccy="EUR">59.24</IntrBkSttlmAmt><ChrgBr>SLEV</ChrgBr><Dbtr><Nm>INDUSTRIAL CZ, SPOL. S R.O.</Nm><PstlAdr><Ctry>CZ</Ctry><AdrLine>K HUTIM 1040/419800 PRAHA 9</AdrLine></PstlAdr></Dbtr><DbtrAcct><Id><IBAN>CZ6727000000001002340329</IBAN></Id></DbtrAcct><DbtrAgt><FinInstnId><BIC>BACXCZPPXXX</BIC></FinInstnId></DbtrAgt><CdtrAgt><FinInstnId><BIC>DRESDEFF200</BIC></FinInstnId></CdtrAgt><Cdtr><Nm>DICHTOMATIK</Nm><PstlAdr><Ctry>DE</Ctry></PstlAdr></Cdtr><CdtrAcct><Id><IBAN>DE10200800000301510500</IBAN></Id></CdtrAcct><RmtInf><Ustrd>6400506354</Ustrd></RmtInf></CdtTrfTxInf></FIToFICstmrCdtTrf></Document>
