<?xml version="1.0" encoding="UTF-8"?>
<Document xsi:schemaLocation="urn:iso:std:iso:20022:tech:xsd:pacs.008.001.02 pacs.008.001.02.xsd" xmlns="urn:iso:std:iso:20022:tech:xsd:pacs.008.001.02" xmlns:xsi="http://www.w3.org/2001/XMLSchema-instance"><FIToFICstmrCdtTrf><GrpHdr><MsgId>14320083950F0600</MsgId><CreDtTm>2014-03-20T08:39:50</CreDtTm><NbOfTxs>1</NbOfTxs><TtlIntrBkSttlmAmt Ccy="EUR">1000.00</TtlIntrBkSttlmAmt><IntrBkSttlmDt>2014-03-21</IntrBkSttlmDt><SttlmInf><SttlmMtd>CLRG</SttlmMtd><ClrSys><Prtry>ST2</Prtry></ClrSys></SttlmInf><InstgAgt><FinInstnId><BIC>BACXCZPP</BIC></FinInstnId></InstgAgt></GrpHdr><CdtTrfTxInf><PmtId><InstrId>4079100103</InstrId><EndToEndId>NOTPROVIDED</EndToEndId><TxId>14320083327E0700</TxId></PmtId><PmtTpInf><SvcLvl><Cd>SEPA</Cd></SvcLvl></PmtTpInf><IntrBkSttlmAmt Ccy="EUR">1000.00</IntrBkSttlmAmt><ChrgBr>SLEV</ChrgBr><Dbtr><Nm>BMT NEO S.R.O.</Nm><PstlAdr><Ctry>CZ</Ctry><AdrLine>DALMATSKA 174125082 UVALY</AdrLine></PstlAdr></Dbtr><DbtrAcct><Id><IBAN>CZ6827000000002108551591</IBAN></Id></DbtrAcct><DbtrAgt><FinInstnId><BIC>BACXCZPPXXX</BIC></FinInstnId></DbtrAgt><CdtrAgt><FinInstnId><BIC>IBBFDE81</BIC></FinInstnId></CdtrAgt><Cdtr><Nm>BWK DACHZUBEHOER GMBH</Nm><PstlAdr><Ctry>DE</Ctry></PstlAdr></Cdtr><CdtrAcct><Id><IBAN>DE08651102001607557003</IBAN></Id></CdtrAcct><RmtInf><Ustrd>VKR5092046</Ustrd></RmtInf></CdtTrfTxInf></FIToFICstmrCdtTrf></Document>
