<?xml version="1.0" encoding="UTF-8"?>
<Document xsi:schemaLocation="urn:iso:std:iso:20022:tech:xsd:pacs.008.001.02 pacs.008.001.02.xsd" xmlns="urn:iso:std:iso:20022:tech:xsd:pacs.008.001.02" xmlns:xsi="http://www.w3.org/2001/XMLSchema-instance"><FIToFICstmrCdtTrf><GrpHdr><MsgId>14320083951F0100</MsgId><CreDtTm>2014-03-20T08:39:51</CreDtTm><NbOfTxs>1</NbOfTxs><TtlIntrBkSttlmAmt Ccy="EUR">154.70</TtlIntrBkSttlmAmt><IntrBkSttlmDt>2014-03-21</IntrBkSttlmDt><SttlmInf><SttlmMtd>CLRG</SttlmMtd><ClrSys><Prtry>ST2</Prtry></ClrSys></SttlmInf><InstgAgt><FinInstnId><BIC>BACXCZPP</BIC></FinInstnId></InstgAgt></GrpHdr><CdtTrfTxInf><PmtId><InstrId>4079100117</InstrId><EndToEndId>HANLEY-01/2014</EndToEndId><TxId>14320083327E0102</TxId></PmtId><PmtTpInf><SvcLvl><Cd>SEPA</Cd></SvcLvl></PmtTpInf><IntrBkSttlmAmt Ccy="EUR">154.70</IntrBkSttlmAmt><ChrgBr>SLEV</ChrgBr><Dbtr><Nm>HANLEY DANIEL</Nm><PstlAdr><Ctry>US</Ctry><AdrLine>103 ANDREWS RD.12540 NEW YORK</AdrLine></PstlAdr></Dbtr><DbtrAcct><Id><IBAN>CZ0427000000002108586014</IBAN></Id></DbtrAcct><DbtrAgt><FinInstnId><BIC>BACXCZPPXXX</BIC></FinInstnId></DbtrAgt><CdtrAgt><FinInstnId><BIC>WELADED1STB</BIC></FinInstnId></CdtrAgt><Cdtr><Nm>INGENIEURBURO ULF NEUBERT</Nm><PstlAdr><Ctry>DE</Ctry></PstlAdr></Cdtr><CdtrAcct><Id><IBAN>DE02870540003900035287</IBAN></Id></CdtrAcct></CdtTrfTxInf></FIToFICstmrCdtTrf></Document>
