<?xml version="1.0" encoding="UTF-8"?>
<Document xsi:schemaLocation="urn:iso:std:iso:20022:tech:xsd:pacs.008.001.02 pacs.008.001.02.xsd" xmlns="urn:iso:std:iso:20022:tech:xsd:pacs.008.001.02" xmlns:xsi="http://www.w3.org/2001/XMLSchema-instance"><FIToFICstmrCdtTrf><GrpHdr><MsgId>14320083958F0200</MsgId><CreDtTm>2014-03-20T08:39:58</CreDtTm><NbOfTxs>1</NbOfTxs><TtlIntrBkSttlmAmt Ccy="EUR">533.00</TtlIntrBkSttlmAmt><IntrBkSttlmDt>2014-03-21</IntrBkSttlmDt><SttlmInf><SttlmMtd>CLRG</SttlmMtd><ClrSys><Prtry>ST2</Prtry></ClrSys></SttlmInf><InstgAgt><FinInstnId><BIC>BACXCZPP</BIC></FinInstnId></InstgAgt></GrpHdr><CdtTrfTxInf><PmtId><InstrId>4079100108</InstrId><EndToEndId>NOTPROVIDED</EndToEndId><TxId>14320083327E0101</TxId></PmtId><PmtTpInf><SvcLvl><Cd>SEPA</Cd></SvcLvl></PmtTpInf><IntrBkSttlmAmt Ccy="EUR">533.00</IntrBkSttlmAmt><ChrgBr>SLEV</ChrgBr><Dbtr><Nm>MAAG CZ, S.R.O.</Nm><PstlAdr><Ctry>CZ</Ctry><AdrLine>VIDENSKA 262/125 C61900 BRNO</AdrLine></PstlAdr></Dbtr><DbtrAcct><Id><IBAN>CZ6227000000002109048824</IBAN></Id></DbtrAcct><DbtrAgt><FinInstnId><BIC>BACXCZPPXXX</BIC></FinInstnId></DbtrAgt><CdtrAgt><FinInstnId><BIC>UNCRITM1612</BIC></FinInstnId></CdtrAgt><Cdtr><Nm>DISEGNO CERAMICA</Nm><PstlAdr><Ctry>IT</Ctry></PstlAdr></Cdtr><CdtrAcct><Id><IBAN>IT37R0200814502000500036286</IBAN></Id></CdtrAcct><RmtInf><Ustrd>PROF. 179</Ustrd></RmtInf></CdtTrfTxInf></FIToFICstmrCdtTrf></Document>
