<?xml version="1.0" encoding="UTF-8"?>
<Document xsi:schemaLocation="urn:iso:std:iso:20022:tech:xsd:pacs.008.001.02 pacs.008.001.02.xsd" xmlns="urn:iso:std:iso:20022:tech:xsd:pacs.008.001.02" xmlns:xsi="http://www.w3.org/2001/XMLSchema-instance"><FIToFICstmrCdtTrf><GrpHdr><MsgId>14320083938F0300</MsgId><CreDtTm>2014-03-20T08:39:38</CreDtTm><NbOfTxs>1</NbOfTxs><TtlIntrBkSttlmAmt Ccy="EUR">601.81</TtlIntrBkSttlmAmt><IntrBkSttlmDt>2014-03-21</IntrBkSttlmDt><SttlmInf><SttlmMtd>CLRG</SttlmMtd><ClrSys><Prtry>ST2</Prtry></ClrSys></SttlmInf><InstgAgt><FinInstnId><BIC>BACXCZPP</BIC></FinInstnId></InstgAgt></GrpHdr><CdtTrfTxInf><PmtId><InstrId>4079100135</InstrId><EndToEndId>KD-NR. 18861109  KD-KTO. 128611</EndToEndId><TxId>14320083328E0600</TxId></PmtId><PmtTpInf><SvcLvl><Cd>SEPA</Cd></SvcLvl></PmtTpInf><IntrBkSttlmAmt Ccy="EUR">601.81</IntrBkSttlmAmt><ChrgBr>SLEV</ChrgBr><Dbtr><Nm>NORMFEST, S.R.O.</Nm><PstlAdr><Ctry>CZ</Ctry><AdrLine>PEKARSKA 603 C.OR.1215500 PRAHA 5</AdrLine></PstlAdr></Dbtr><DbtrAcct><Id><IBAN>CZ4027000000000701363007</IBAN></Id></DbtrAcct><DbtrAgt><FinInstnId><BIC>BACXCZPPXXX</BIC></FinInstnId></DbtrAgt><CdtrAgt><FinInstnId><BIC>DUSSDEDDXXX</BIC></FinInstnId></CdtrAgt><Cdtr><Nm>SPEDITION KLEINE GMBH + CO. KG</Nm><PstlAdr><Ctry>DE</Ctry></PstlAdr></Cdtr><CdtrAcct><Id><IBAN>DE57300501100017005810</IBAN></Id></CdtrAcct><RmtInf><Ustrd>BELEG-NR. 7092556</Ustrd></RmtInf></CdtTrfTxInf></FIToFICstmrCdtTrf></Document>
