<?xml version="1.0" encoding="UTF-8"?>
<Document xsi:schemaLocation="urn:iso:std:iso:20022:tech:xsd:pacs.008.001.02 pacs.008.001.02.xsd" xmlns="urn:iso:std:iso:20022:tech:xsd:pacs.008.001.02" xmlns:xsi="http://www.w3.org/2001/XMLSchema-instance"><FIToFICstmrCdtTrf><GrpHdr><MsgId>14320073108F0100</MsgId><CreDtTm>2014-03-20T07:31:08</CreDtTm><NbOfTxs>1</NbOfTxs><TtlIntrBkSttlmAmt Ccy="EUR">10531.92</TtlIntrBkSttlmAmt><IntrBkSttlmDt>2014-03-21</IntrBkSttlmDt><SttlmInf><SttlmMtd>CLRG</SttlmMtd><ClrSys><Prtry>ST2</Prtry></ClrSys></SttlmInf><InstgAgt><FinInstnId><BIC>BACXCZPP</BIC></FinInstnId></InstgAgt></GrpHdr><CdtTrfTxInf><PmtId><InstrId>4077102892</InstrId><EndToEndId>NOTPROVIDED</EndToEndId><TxId>14318083639E0200</TxId></PmtId><PmtTpInf><SvcLvl><Cd>SEPA</Cd></SvcLvl></PmtTpInf><IntrBkSttlmAmt Ccy="EUR">10531.92</IntrBkSttlmAmt><ChrgBr>SLEV</ChrgBr><Dbtr><Nm>OSTROJ A.S.</Nm><PstlAdr><Ctry>CZ</Ctry><AdrLine>TESINSKA 1586/6674641 OPAVA 1</AdrLine></PstlAdr></Dbtr><DbtrAcct><Id><IBAN>CZ2027000000001004988014</IBAN></Id></DbtrAcct><DbtrAgt><FinInstnId><BIC>BACXCZPPXXX</BIC></FinInstnId></DbtrAgt><CdtrAgt><FinInstnId><BIC>DEUTCZPXXXX</BIC></FinInstnId></CdtrAgt><Cdtr><Nm>SEW-EURODRIVE CZ S.R.O.</Nm><PstlAdr><Ctry>CZ</Ctry><AdrLine>XLUZNA 591</AdrLine><AdrLine>160 00 PRAHA 6-VOKOVICE</AdrLine></PstlAdr></Cdtr><CdtrAcct><Id><IBAN>CZ7679100000003052000209</IBAN></Id></CdtrAcct><RmtInf><Ustrd>4590006259                         .                                  CZ7679100000003052000209           DOC. OSTRF1100000012014</Ustrd></RmtInf></CdtTrfTxInf></FIToFICstmrCdtTrf></Document>
