<?xml version="1.0" encoding="UTF-8"?>
<Document xsi:schemaLocation="urn:iso:std:iso:20022:tech:xsd:pacs.008.001.02 pacs.008.001.02.xsd" xmlns="urn:iso:std:iso:20022:tech:xsd:pacs.008.001.02" xmlns:xsi="http://www.w3.org/2001/XMLSchema-instance"><FIToFICstmrCdtTrf><GrpHdr><MsgId>14320083955F0100</MsgId><CreDtTm>2014-03-20T08:39:55</CreDtTm><NbOfTxs>1</NbOfTxs><TtlIntrBkSttlmAmt Ccy="EUR">15871.47</TtlIntrBkSttlmAmt><IntrBkSttlmDt>2014-03-21</IntrBkSttlmDt><SttlmInf><SttlmMtd>CLRG</SttlmMtd><ClrSys><Prtry>ST2</Prtry></ClrSys></SttlmInf><InstgAgt><FinInstnId><BIC>BACXCZPP</BIC></FinInstnId></InstgAgt></GrpHdr><CdtTrfTxInf><PmtId><InstrId>4079100355</InstrId><EndToEndId>NOTPROVIDED</EndToEndId><TxId>14320083337E0402</TxId></PmtId><PmtTpInf><SvcLvl><Cd>SEPA</Cd></SvcLvl></PmtTpInf><IntrBkSttlmAmt Ccy="EUR">15871.47</IntrBkSttlmAmt><ChrgBr>SLEV</ChrgBr><Dbtr><Nm>HORMEN CE A.S.</Nm><PstlAdr><Ctry>CZ</Ctry><AdrLine>LIBUSSKA 8/19114200 PRAHA 4</AdrLine></PstlAdr></Dbtr><DbtrAcct><Id><IBAN>CZ1927000000000802666111</IBAN></Id></DbtrAcct><DbtrAgt><FinInstnId><BIC>BACXCZPPXXX</BIC></FinInstnId></DbtrAgt><CdtrAgt><FinInstnId><BIC>BREXPLPWKRA</BIC></FinInstnId></CdtrAgt><Cdtr><Nm>ES-SYSTEM S.A.</Nm><PstlAdr><Ctry>PL</Ctry><AdrLine>UL. PRZEMYSLOWA 230-701 KRAKOW</AdrLine></PstlAdr></Cdtr><CdtrAcct><Id><IBAN>PL66114010810000386341001008</IBAN></Id></CdtrAcct><RmtInf><Ustrd>14882013, 14902013, 15212013, 15202013</Ustrd></RmtInf></CdtTrfTxInf></FIToFICstmrCdtTrf></Document>
