<?xml version="1.0" encoding="UTF-8"?>
<Document xsi:schemaLocation="urn:iso:std:iso:20022:tech:xsd:pacs.008.001.02 pacs.008.001.02.xsd" xmlns="urn:iso:std:iso:20022:tech:xsd:pacs.008.001.02" xmlns:xsi="http://www.w3.org/2001/XMLSchema-instance"><FIToFICstmrCdtTrf><GrpHdr><MsgId>14320073107F0600</MsgId><CreDtTm>2014-03-20T07:31:07</CreDtTm><NbOfTxs>1</NbOfTxs><TtlIntrBkSttlmAmt Ccy="EUR">463.20</TtlIntrBkSttlmAmt><IntrBkSttlmDt>2014-03-21</IntrBkSttlmDt><SttlmInf><SttlmMtd>CLRG</SttlmMtd><ClrSys><Prtry>ST2</Prtry></ClrSys></SttlmInf><InstgAgt><FinInstnId><BIC>BACXCZPP</BIC></FinInstnId></InstgAgt></GrpHdr><CdtTrfTxInf><PmtId><InstrId>4077103655</InstrId><EndToEndId>NOTPROVIDED</EndToEndId><TxId>14318083720E0501</TxId></PmtId><PmtTpInf><SvcLvl><Cd>SEPA</Cd></SvcLvl></PmtTpInf><IntrBkSttlmAmt Ccy="EUR">463.20</IntrBkSttlmAmt><ChrgBr>SLEV</ChrgBr><Dbtr><Nm>LAPP KABEL S.R.O.</Nm><PstlAdr><Ctry>CZ</Ctry><AdrLine>BARTOSOVA C.P. 31576502 OTROKOVICE</AdrLine></PstlAdr></Dbtr><DbtrAcct><Id><IBAN>CZ7227000000000053155081</IBAN></Id></DbtrAcct><DbtrAgt><FinInstnId><BIC>BACXCZPPXXX</BIC></FinInstnId></DbtrAgt><CdtrAgt><FinInstnId><BIC>DEUTDEMMXXX</BIC></FinInstnId></CdtrAgt><Cdtr><Nm>HYPERTAC GMBH</Nm><PstlAdr><Ctry>DE</Ctry><AdrLine>XULRICHSBERGERSTRASSE 17</AdrLine><AdrLine>D-94469 DEGGENDORF NEMECKO</AdrLine></PstlAdr></Cdtr><CdtrAcct><Id><IBAN>DE48700700100201954500</IBAN></Id></CdtrAcct><RmtInf><Ustrd>405091 405067                      .                                  .                                  .</Ustrd></RmtInf></CdtTrfTxInf></FIToFICstmrCdtTrf></Document>
